@article{levy2009behavioral,
  title={A behavioral Laffer curve: Emergence of a social norm of fairness in a real effort experiment},
  author={L{\'e}vy-Garboua, Louis and Masclet, David and Montmarquette, Claude},
  journal={Journal of Economic Psychology},
  volume={30},
  number={2},
  pages={147--161},
  year={2009},
  publisher={Elsevier}
}

@article{lucas201214,
  title={14 Supply-Side Economics: An Analytical Review},
  author={Lucas, Jr Robert E and Lucas, Robert E and Gillman, Max},
  journal={Collected Papers on Monetary Theory},
  pages={331--360},
  year={2012},
  publisher={Harvard University Press}
}

@article{garrison1992taxation,
  title={TAXATION, AGGREGATE ACTIVITY and ECONOMIC GROWTH: FURTHER CROSS-COUNTRY EVIDENCE ON SOME SUPPLY-SIDE HYPOTHESES},
  author={Garrison, Charles B and Lee, Feng-Yao},
  journal={Economic Inquiry},
  volume={30},
  number={1},
  pages={172--176},
  year={1992},
  publisher={Wiley Online Library}
}

@article{giannitsarou2006supply,
  title={Supply-side reforms and learning dynamics},
  author={Giannitsarou, Chryssi},
  journal={Journal of Monetary Economics},
  volume={53},
  number={2},
  pages={291--309},
  year={2006},
  publisher={Elsevier}
}

@incollection{eissa20081,
  title={1. Labor Supply and the Economic Recovery Tax Act of 1981},
  author={Eissa, Nada},
  booktitle={Empirical foundations of household taxation},
  pages={5--38},
  year={2008},
  publisher={University of Chicago Press}
}

@article{kniesner2008evidence,
  title={Evidence of tax-induced individual behavioral responses},
  author={Kniesner, Thomas J and Ziliak, James P},
  journal={Fundamental Tax Reform: Issue, Choices, and Implications},
  pages={375--411},
  year={2008},
  publisher={Citeseer}
}

@inproceedings{moore2002effects,
  title={The effects of the 1986 and 1993 tax reforms on self-employment},
  author={Moore, Kevin},
  booktitle={Proceedings. Annual Conference on Taxation and Minutes of the Annual Meeting of the National Tax Association},
  volume={95},
  pages={323--332},
  year={2002},
  organization={JSTOR}
}

@article{mankiw2006dynamic,
  title={Dynamic scoring: A back-of-the-envelope guide},
  author={Mankiw, N Gregory and Weinzierl, Matthew},
  journal={Journal of Public Economics},
  volume={90},
  number={8-9},
  pages={1415--1433},
  year={2006},
  publisher={Elsevier}
}

@article{liuhong2017,
  title={Research on Japan's Corporate Tax Cuts and the Growth of Foreign Direct Investment in Japan--Based on Panel Data Analysis of 24 Countries},
  author={Liu, Hong and Tian, Zhaowei},
  journal={Journal of Liaoning University: Philosophy and Social Sciences},
  number={2},
  pages={169--176},
  year={2017}
}

@techreport{chen2019tax,
  title={Tax Policy and Lumpy Investment Behavior: Evidence from China's VAT Reform},
  author={Chen, Zhao and Jiang, Xian and Liu, Zhikuo and Serrato, Juan Carlos Su{\'a}rez and Xu, Daniel},
  year={2019},
  institution={National Bureau of Economic Research}
}

@article{zee2002tax,
  title={Tax incentives for business investment: a primer for policy makers in developing countries},
  author={Zee, Howell H and Stotsky, Janet G and Ley, Eduardo},
  journal={World development},
  volume={30},
  number={9},
  pages={1497--1516},
  year={2002},
  publisher={Elsevier}
}

@article{zhong2011value,
  title={Value-added taxation, transformation reforms and the impact of corporate investment——Based on an empirical analysis of 160 listed companies (2004-2008)},
  author={Zhong, Jie and Xie, Yuping and Wu, wei},
  journal={Modern Management Science},
  number={1},
  pages={74--76},
  year={2011}
}

@article{strulik2010anticipated,
  title={Anticipated tax reforms and temporary tax cuts: a general equilibrium analysis},
  author={Strulik, Holger and Trimborn, Timo},
  journal={Journal of Economic Dynamics and Control},
  volume={34},
  number={10},
  pages={2141--2158},
  year={2010},
  publisher={Elsevier}
}

@article{yang2006addvalue,
  title={An Empirical Study on the Impact of VAT Transition on Listed Companies},
  author={Yang, Zhen and Liu, Limin},
  journal={Tax Research},
  number={5},
  pages={43--47},
  year={2006}
}

@article{wang2010Research,
  title={Research on the extent of the impact of value-added tax transformation on the financial affairs of listed companies},
  author={Wang, Surong and Jiang, Gaole},
  journal={Accounting Research},
  volume={2},
  pages={40--46},
  year={2010}
}

@article{liu2012Value,
  title={Value-added tax transformation: an empirical analysis of company performance and shareholder wealth},
  author={Liu, Yulong and Ni, Lin and Reng, Guoliang},
  journal={Economic reform},
  number={2},
  pages={140--143},
  year={2012}
}

@article{he2019can,
  title={Can VAT cuts incentivize companies to enter?--Empirical evidence from China},
  author={He, Zhen and Wang, Xiaolong},
  journal={Financial research},
  volume={7},
  year={2019}
}

@article{blomquist2001tax,
  title={Tax reform evaluation using non-parametric methods: Sweden 1980--1991},
  author={Blomquist, S{\"o}ren and Ekl{\"o}f, Matias and Newey, Whitney},
  journal={Journal of Public Economics},
  volume={79},
  number={3},
  pages={543--568},
  year={2001},
  publisher={Elsevier}
}

@article{emran2005selective,
  title={On selective indirect tax reform in developing countries},
  author={Emran, M Shahe and Stiglitz, Joseph E},
  journal={Journal of public Economics},
  volume={89},
  number={4},
  pages={599--623},
  year={2005},
  publisher={Elsevier}
}

@article{whalley2005vat,
  title={VAT base broadening when the location of some consumption is mobile},
  author={Whalley, John and Zhang, Shunming},
  journal={Economics Letters},
  volume={87},
  number={2},
  pages={199--205},
  year={2005},
  publisher={Elsevier}
}

@article{carbonnier2007pays,
  title={Who pays sales taxes? Evidence from French VAT reforms, 1987--1999},
  author={Carbonnier, Clement},
  journal={Journal of Public Economics},
  volume={91},
  number={5-6},
  pages={1219--1229},
  year={2007},
  publisher={Elsevier}
}

@article{nichele1995simulation,
  title={Simulation of indirect tax reforms using pooled micro and macro French data},
  author={Nich{\`e}le, V{\'e}ronique and Robin, Jean-Marc},
  journal={Journal of Public Economics},
  volume={56},
  number={2},
  pages={225--244},
  year={1995},
  publisher={Elsevier}
}

@article{jenkins2000vat,
  title={A VAT revenue simulation model for tax reform in developing countries},
  author={Jenkins, Glenn P and Kuo, Chun-Yan},
  journal={World Development},
  volume={28},
  number={4},
  pages={763--774},
  year={2000},
  publisher={Elsevier}
}

@article{moore2015tax,
  title={Tax and the governance dividend},
  author={Moore, Mick},
  journal={Perspectives on Politics, Production and Public Administration in Africa Danish Institute of International Studies},
  year={2015}
}

@article{blundell2009assessing,
  title={Assessing the temporary VAT cut policy in the UK},
  author={Blundell, Richard},
  journal={Fiscal studies},
  volume={30},
  number={1},
  pages={31--38},
  year={2009},
  publisher={Wiley Online Library}
}

@article{barrell2009economics,
  title={The economics of a reduction in VAT},
  author={Barrell, Ray and Weale, Martin},
  journal={Fiscal studies},
  volume={30},
  number={1},
  pages={17--30},
  year={2009},
  publisher={Wiley Online Library}
}

@article{shoup1969experience,
  title={Experience with the value-added tax in Denmark, and prospects in Sweden},
  author={Shoup, Carl S},
  journal={FinanzArchiv/Public Finance Analysis},
  number={H. 2},
  pages={236--252},
  year={1969},
  publisher={JSTOR}
}

@article{fang2017asymmetric,
  title={Asymmetric reform bonus: The impact of VAT pilot expansion on China's corporate total tax burden},
  author={Fang, Hongsheng and Bao, Yuxin and Zhang, Jun},
  journal={China Economic Review},
  volume={46},
  pages={S17--S34},
  year={2017},
  publisher={Elsevier}
}

@article{liu2018theimpact,
  title={The impact of value-added tax rates on corporate value: Evidence from stock market reactions},
  author={Liu, Hang and Ye, Kangtao},
  journal={Management world},
  volume={11},
  pages={12--24},
  year={2018}
}

@article{yue2020empirical,
  title={An Empirical Analysis of the Impact of Value-added Tax on Enterprise Profits and Operating Income},
  author={Yue, Shumin and Chen, Botian},
  journal={Tax Research},
  number={7},
  pages={5--11},
  year={2020}
}

@article{lv2008Improvement,
  title={Improvement of Value-added Tax Accounting Processing Mode},
  author={Lv, Zhiming},
  journal={Finance and Accounting Monthly: Theoretical Edition},
  number={3},
  pages={30--31},
  year={2008}
}

@article{onji2009response,
  title={The response of firms to eligibility thresholds: Evidence from the Japanese value-added tax},
  author={Onji, Kazuki},
  journal={Journal of Public Economics},
  volume={93},
  number={5-6},
  pages={766--775},
  year={2009},
  publisher={Elsevier}
}

@article{tang2020vatreduction,
  title={Value-added tax reduction, bargaining power and corporate value-empirical evidence from the Hong Kong stock market},
  author={Tang, Zetao and Tang, Yugang},
  journal={Financial research},
  number={4},
  pages={115--128},
  year={2020}
}